
@book{silverman_rational_1992,
	title = {Rational Points on Elliptic Curves},
	isbn = {0387978259},
	publisher = {Springer},
	author = {Silverman, Joseph H. and Tate, John},
	year = {1992}
},

@book{mckean_elliptic_1999,
	title = {Elliptic Curves: Function Theory, Geometry, Arithmetic},
	isbn = {0521658179},
	shorttitle = {Elliptic Curves},
	publisher = {Cambridge University Press},
	author = {{McKean}, Henry and Moll, Victor},
	year = {1999}
},

@book{cassels_lectures_1991,
	title = {Lectures on Elliptic Curves},
	isbn = {0521425301},
	publisher = {Cambridge University Press},
	author = {Cassels, J. W. S.},
	year = {1991}
}

@book{serre_cours_1994,
	title = {Cours d'arithm√©tique},
	isbn = {{213041835X}},
	publisher = {Presses Universitaires de France - {PUF}},
	author = {Serre, Jean-Pierre},
	year = {1994}
}

@book{silverman_arithmetic_2009,
	title = {The Arithmetic of Elliptic Curves},
	isbn = {0387094938},
	publisher = {Springer},
	author = {Silverman, Joseph H.},
	year = {2009}
}